<?xml version="1.0" encoding="UTF-8"?><collection xmlns="http://www.loc.gov/MARC21/slim"><record><leader>00384nam--2200145-i-4500</leader><controlfield tag="001">000003956</controlfield><controlfield tag="002">20161230</controlfield><controlfield tag="005">20170210115116</controlfield><controlfield tag="008">060222s1000------------r-----000-0-eng-d</controlfield><datafield ind1=" " ind2=" " tag="100"><subfield code="a">Carstens, Harald</subfield></datafield><datafield ind1=" " ind2=" " tag="245"><subfield code="a">Investigations of titaniferous iron ore deposits</subfield></datafield><datafield ind1=" " ind2=" " tag="260"><subfield code="a">Trondheim</subfield><subfield code="b">Bruns Bokhandel</subfield><subfield code="c">1957</subfield></datafield><datafield ind1=" " ind2=" " tag="300"><subfield code="a">66 p</subfield></datafield><datafield ind1=" " ind2=" " tag="852"><subfield code="a">533.311(481)</subfield></datafield><datafield ind1=" " ind2=" " tag="CAT"><subfield code="a">SYS</subfield><subfield code="c">20170210</subfield><subfield code="h">115116</subfield></datafield></record></collection>